@conference{savola2007towards,
  title={{Towards a taxonomy for information security metrics}},
  author={Savola, R.M.},
  booktitle={Proceedings of the 2007 ACM workshop on Quality of protection},
  pages={28--30},
  year={2007},
  organization={ACM New York, NY, USA}
}

@article{noy2001ontology,
  title={{Ontology development 101: A guide to creating your first ontology}},
  author={Noy, N.F. and McGuinness, D.L.},
  journal={Knowledge Systems Laboratory},
  pages={01--05},
  year={2001}
}

@article{todorova2007towards,
  title={{TOWARDS A METHODOLOGY FOR ONTOLOGY DEVELOPMENT}},
  author={Todorova, K.},
  journal={Innovations in E-Learning, Instruction Technology, Assessment and Engineering Education},
  pages={205},
  year={2007},
  publisher={Springer}
}

@article{rajugan2006ontology,
  title={{Ontology views: A theoretical perspective}},
  author={Rajugan, R. and Chang, E. and Dillon, T.S.},
  journal={LECTURE NOTES IN COMPUTER SCIENCE},
  volume={4278},
  pages={1814},
  year={2006},
  publisher={Springer}
}

@article{tsoumas2005ontology,
  title={{An ontology-based approach to information systems security management}},
  author={Tsoumas, B. and Dritsas, S. and Gritzalis, D.},
  journal={Lecture notes in computer science},
  volume={3685},
  pages={151},
  year={2005},
  publisher={Springer}
}

@conference{fenz2009formalizing,
  title={{Formalizing information security knowledge}},
  author={Fenz, S. and Ekelhart, A.},
  booktitle={Proceedings of the 4th International Symposium on Information, Computer, and Communications Security},
  pages={183--194},
  year={2009},
  organization={ACM New York, NY, USA}
}

@article{abel2004ontology,
  title={{Ontology-based Organizational Memory for e-learning}},
  author={Abel, M.H. and Benayache, A. and Lenne, D. and Moulin, C. and Barry, C. and Chaput, B.},
  journal={Educational technology \& society},
  volume={7},
  number={4},
  pages={98--111},
  year={2004}
}

@article{wang-ovm,
  title={{OVM: An Ontology for Vulnerability Management}},
  author={Wang, J.A. and Guo, M.}
}

@article{herzog2009ontology,
  title={{An ontology of information security}},
  author={Herzog, A. and Shahmehri, N. and Duma, C.},
  journal={Techniques and Applications for Advanced Information Privacy and Security: Emerging Organizational, Ethical, and Human Issues},
  pages={278},
  year={2009},
  publisher={Information Science Reference}
}

@conference{raskin2001ontology,
  title={{Ontology in information security: A useful theoretical foundation and methodological tool}},
  author={Raskin, V. and Hempelmann, C.F. and Triezenberg, K.E. and Nirenburg, S.},
  booktitle={Proceedings of the 2001 workshop on New security paradigms},
  pages={53--59},
  year={2001},
  organization={ACM New York, NY, USA}
}

@article{siponen2007review,
  title={{A review of information security issues and respective research contributions}},
  author={Siponen, M.T. and Oinas-Kukkonen, H.},
  journal={ACM SIGMIS Database},
  volume={38},
  number={1},
  pages={60--80},
  year={2007},
  publisher={ACM New York, NY, USA}
}

@article{gruber1995toward,
  title={{Toward principles for the design of ontologies used for knowledge sharing}},
  author={Gruber, T.R.},
  journal={International Journal of Human Computer Studies},
  volume={43},
  number={5},
  pages={907--928},
  year={1995},
  publisher={London; San Diego: Academic Press, c1994-}
}

@article{donner2003toward,
  title={{Toward a security ontology}},
  author={Donner, M.},
  journal={IEEE SECURITY AND PRIVACY MAGAZINE},
  volume={1},
  number={3},
  pages={6--7},
  year={2003},
  publisher={IEEE COMPUTER SOCIETY}
}



